@article{kondratyev2019market,
  title={The market generator},
  author={Kondratyev, Alexei and Schwarz, Christian},
  journal={Available at SSRN 3384948},
  year={2019}
}

@article{cont2001empirical,
  title={Empirical properties of asset returns: stylized facts and statistical issues},
  author={Cont, Rama},
  journal={Quantitative finance},
  volume={1},
  number={2},
  pages={223},
  year={2001},
  publisher={IOP Publishing}
}

@article{goodfellow2014generative,
  title={Generative adversarial nets},
  author={Goodfellow, Ian and Pouget-Abadie, Jean and Mirza, Mehdi and Xu, Bing and Warde-Farley, David and Ozair, Sherjil and Courville, Aaron and Bengio, Yoshua},
  journal={Advances in neural information processing systems},
  volume={27},
  year={2014}
}

@article{gobet2000weak,
  title={Weak approximation of killed diffusion using Euler schemes},
  author={Gobet, Emmanuel},
  journal={Stochastic processes and their applications},
  volume={87},
  number={2},
  pages={167--197},
  year={2000},
  publisher={Elsevier}
}
